
@BOOK{weske:bpm-book,
  title = {Business Process Management - Concepts, Languages, Architectures},
  publisher = {Springer},
  year = {2012},
  author = {Mathias Weske},
  address = {Hasso-Plattner-Institute (HPI), University of Potsdam, Potsdam},
  edition = {2nd}
}

@ARTICLE{mandal:2017,
  author = {Sankalita Mandal and Matthias Weidlich and Mathias Weske},
  title = {Events in Business Process Implementation: Early Subscription and Event Buffering},
  year = {2017},
  publisher = {BPM 2017 Forum}
}


%%%% sample
@ARTICLE{knuth:1974,
  author = {Knuth, Donald E.},
  title = {{C}omputer {P}rogramming as an {A}rt},
  journal = {Communications of the ACM},
  year = {1974},
  volume = {17},
  pages = {667--673},
  number = {12},
  address = {New York, NY, USA},
  publisher = {ACM Press}
}

